@book{salton83introduction,
    author = {G. Salton and M. J. McGill},
    address = {New York},
    publisher = {McGraw-Hill},
    title = {{Introduction to Modern Information Retrieval}},
    isbn = {0-070-54484-0},
    year = {1983}
}